<?xml version="1.0" encoding="UTF-8"?><record xmlns="http://www.loc.gov/MARC21/slim" xmlns:cinclude="http://apache.org/cocoon/include/1.0" xmlns:zs="http://www.loc.gov/zing/srw/">
  <leader>00396cz  a2200133n  4500</leader>
  <controlfield tag="001">n  88626270 </controlfield>
  <controlfield tag="003">DLC</controlfield>
  <controlfield tag="005">20080303081033.0</controlfield>
  <controlfield tag="008">880407n| acannaabn          |n aad      </controlfield>
  <datafield tag="010" ind1=" " ind2=" ">
    <subfield code="a">n  88626270 </subfield>
  </datafield>
  <datafield tag="035" ind1=" " ind2=" ">
    <subfield code="a">(OCoLC)oca02246649</subfield>
  </datafield>
  <datafield tag="040" ind1=" " ind2=" ">
    <subfield code="a">DLC</subfield>
    <subfield code="b">eng</subfield>
    <subfield code="c">DLC</subfield>
    <subfield code="d">OCoLC</subfield>
  </datafield>
  <datafield tag="100" ind1="1" ind2=" ">
    <subfield code="a">Guanzon, Abby</subfield>
  </datafield>
  <datafield tag="670" ind1=" " ind2=" ">
    <subfield code="a">nuc88-41661: Gore, R. Coal mining ... 1981</subfield>
    <subfield code="b">(hdg. on IaU rept.: Guanzon, Abby; usage: Abby Guanzon)</subfield>
  </datafield>
</record>